@misc{libelium,
author = {{Libelium Comunicaciones Distribuidas S.L}},
file = {:C$\backslash$:/Users/junqu/Documents/tcc/tcc-artigos/meshlium{\_}technical{\_}guide.pdf:pdf},
pages = {188},
publisher = {Libelium},
title = {{Meshlium X treme Technical Guide}},
year = {2017}
}

@misc{Exame,
author = {Exame},
title = {{Geomarketing amadurece no Brasil e conquista mercado}},
url = {http://exame.abril.com.br/marketing/geomarketing-amadurece-no-brasil-e-conquista-mercado/},
urldate = {2017-04-30},
year = {2012}
}

@misc{zebra,
author = {{Zebra Technologies}},
title = {{Cidade Jardim Creates Personalized Shopping Experience with Zebra Wireless Solution}},
url = {https://www.zebra.com/us/en/about-zebra/newsroom/press-releases/2016/cidade-jardim-creates-personalized-shopping-experience-with-zebra-wireless-solution.html},
urldate = {2017-05-06},
year = {2016},
}

@misc{trafsys,
author = {Wadsworth, Chris},
title = {{Measuring Retail Store Traffic: How People Counting Works}},
url = {http://www.trafsys.com/what-counting-can-do-for-profits-part-4-of-4/},
urldate = {2017-05-07},
year = {2013}
}

@misc{trafsysdef,
author = {Traf-Sys},
title = {{People Counters, Retail Traffic Counting, and Pedestrian Door Counters}},
url = {http://www.trafsys.com/people-counting/},
urldate = {2017-05-07},
year = {2017}
}
